@BOOK{bloomer:rpc,
  title = {Power Programming with RPC},
  date = {1991},
  author = {Bloomer, John},
  publisher = {O'Reilly \& Associates, Inc.},
  location = {Sebastopol},
  owner = {nieprasc},
  timestamp = {2012-11-29},
  addendum = {im Vakuumlabor verfügbar}
}

@ONLINE{rpcgen:programming.guide,
  editor = {{University of California}},
  location = {Berkeley},
  date = {1991},
  title = {PSD:22},
  subtitle = {RPCGEN Programming Guide},
  url = {http://docs.freebsd.org/44doc/psd/22.rpcgen/paper.pdf},
  urldate = {2012-11-29},
  timestamp = {2012-11-29}
}

@ONLINE{rpc:programming.guide,
  editor = {{University of California}},
  location = {Berkeley},
  date = {1991},
  title = {PSD:23},
  subtitle = {Remote Procedure Call Programming Guide},
  url = {http://docs.freebsd.org/44doc/psd/23.rpc/paper.pdf},
  urldate = {2012-11-29},
  timestamp = {2012-11-29}
}

@ONLINE{nodejs,
  date = {2012},
  title = {node.js},
  url = {http://nodejs.org/},
  urldate = {2012-11-29},
  timestamp = {2012-11-29}
}

@ONLINE{nodejs:modules,
  date = {2012},
  title = {Modules · joyent/node Wiki},
  url = {http://nodejs.org/},
  urldate = {2012-11-29},
  timestamp = {2012-11-29},
  addendum = {umfangreiche Liste zu Node.js-Modulen, darunter auch zu
    JSON-RPC und XML-RPC}
}

@ONLINE{vxibus:vxi-11,
  date = {1995-17-07},
  title = {VXI 11},
  subtitle = {TCP/IP Instrument Protocol Specification},
  url = {http://www.vxibus.org/files/VXI_Specs/VXI-11.zip},
  urldate = {2012-11-29},
  timestamp = {2012-11-29}
}

@ONLINE{python:vxi-11,
  date = {2011-04-07},
  title = {Python Laboratory Operations Toolkit},
  url = {http://sourceforge.net/projects/pythonlabtools/},
  urldate = {2012-11-29},
  timestamp = {2012-11-29}
}

@ONLINE{sharples:vxi-11,
  author = {Sharples, Steve D.}, 
  date = {2010-09-09},
  title = {VXI11 Ethernet Protocol for Linux},
  subtitle = {How to talk to your LXI-Compliant Agilent, LeCroy or
    Tektronix Scope from Linux over LAN},
  url = {http://optics.eee.nottingham.ac.uk/vxi11/},
  urldate = {2012-11-29},
  timestamp = {2012-11-29},
  addendum = {auf dem C-Code von Steve~D. Sharples beruht die derzeitige
    Lösung im Vakuumlabor}
}

@ONLINE{marshall:rpc,
  author = {Marshall, A. D.}, 
  date = {1994/2005},
  title = {UNIX System Calls and Subroutines using C},
  subtitle = {Remote Procedure Calls (RPC)},
  url = {http://www.cs.cf.ac.uk/Dave/C/node33.html},
  urldate = {2012-11-29},
  timestamp = {2012-11-29}
}
